@String{AAAG		= {An. Assoc. Amer. Geog.}}
@String{AAS		= {Adv. Atmos. Sci.}}
@String{ACP		= {Atmos. Chem. Phys.}}
@String{ACPD		= {Atmos. Chem. Phys. Discuss.}}
@String{ActaMeteorSinica= {Acta Meteor. Sinica}}
@String{AFM		= {Agr. Forest Meteorol.}}
@String{AMet		= {Adv. Meteorol.}}
@String{AmNat		= {Am. Nat.}}
@String{AREES		= {Annu. Rev. Ecol. Evol. Syst.}}
@String{AREPS		= {Annu. Rev. Earth Planet. Sci.}}
@String{ARER		= {Annu. Rev. Environ. Resour.}}
@String{ARMS		= {Annu. Rev. Mar. Sci.}}
@String{AtmosEnviron	= {Atmos. Environ.}}
@String{AtmosRes	= {Atmos. Res.}}
@String{BAMS		= {Bull. Am. Meteorol. Soc.}}
@String{Biogeosci	= {Biogeosci.}}
@String{BiogeosciDiscuss= {Biogeosci. Discuss.}}
@String{BiodiversConserv= {Biodivers. Conserv.}}
@String{CanJForestRes   = {Can. J. Forest Res.}}
@String{ClimChange	= {Clim. Change}}
@String{ClimDyn		= {Clim. Dyn.}}
@String{COES		= {Curr. Opin. Environ. Sustainability}}
@String{ComputGeosci	= {Comput. Geosci.}}
@String{ComputSciEng	= {Comput. Sci. Eng.}}
@String{ConservEcol	= {Conserv. Ecol.}}
@String{EcolAppl	= {Ecol. Appl.}}
@String{EcolLett	= {Ecol. Lett.}}
@String{EcolModel	= {Ecol. Model.}}
@String{EcolMonogr	= {Ecol. Monogr.}}
@String{Ecology		= {Ecology}}
@String{Ecosystems	= {Ecosystems}}
@String{EES		= {Energy Environ. Sci.}}
@String{EI		= {Earth Interact.}}
@String{EMS		= {Environ. Modell. Softw.}}
@String{EnvironConserv	= {Environ. Conserv.}}
@String{EnvironManage	= {Environ. Manage.}}
@String{Eos		= {Eos Trans. AGU}}
@String{EP		= {Energ. Policy}}
@String{ERL		= {Environ. Res. Lett.}}
@String{ESSD		= {Earth Syst. Sci. Data}}
@String{ESSDD		= {Earth Syst. Sci. Data Discuss.}}
@String{ForestEcolManag = {Forest Ecol. Manag.}}
@String{FrontEcolEnviron= {Front. Ecol. Environ.}}
@String{FrontMicrobio	= {Front. Microbio.}}
@String{GBC		= {Global Biogeochem. Cycles}}
@String{GCB		= {Global Change Biol.}}
@String{GMD		= {Geosci. Model Dev.}}
@String{GMDD		= {Geosci. Model Dev. Discuss.}}
@String{GPC		= {Glob. Planet. Change}}
@String{GRL		= {Geophys. Res. Lett.}}
@String{HESS		= {Hydrol. Earth Syst. Sci.}}
@String{IJHPCA		= {Int. J. High Perf. Comput. Appl.}}
@String{IJOC		= {Int. J. Climatol.}}
@String{IJRS		= {Int. J. Remote Sens.}}
@String{IntJClimatol	= {Int. J. Climatol.}}
@String{JAC		= {J. Atmos. Chem.}}
@String{JAMC		= {J. Appl. Meteor. Climatol.}}
@String{JAMES		= {J. Adv. Model. Earth Syst.}}
@String{JAS		= {J. Atmos. Sci.}}
@String{JAWRA		= {J. Am. Water Resour. Assoc.}}
@String{JClim		= {J. Clim.}}
@String{JContamHydrol   = {J. Contam. Hydrol.}}
@String{JCP		= {J. Comput. Phys.}}
@String{JEcol		= {J. Ecol.}}
@String{JExpBiol	= {J. Exp. Biol.}}
@String{JExpBot		= {J. Exp. Bot.}}
@String{JGlaciol	= {J. Glaciol.}}
@String{JGR		= {J. Geophys. Res.}}
@String{JGS		= {J. Geograph. Syst.}}
@String{JH		= {J. Hydrol.}}
@String{JHE		= {J. Hydrol. Eng.}}
@String{JHM		= {J. Hydrometeor.}}
@String{JMarSyst	= {J. Mar. Syst.}}
@String{JMeteorolSocJpn	= {J. Meteorol. Soc. Jpn.}}
@string{JOceanogr	= {J. Oceanogr.}}
@String{JPConf		= {J. Phys.: Conf. Ser.}}
@String{JPO		= {J. Phys. Oceanogr.}}
@String{JQSRT		= {Journal of Quantitative Spectroscopy and Radiative Transfer}}
@String{LandscapeEcol	= {Landscape Ecol.}}
@String{MWR		= {Mon. Wea. Rev.}}
@String{NatRevMicro	= {Nat. Rev. Micro.}}
@String{Nature		= {Nature}}
@String{NatureClimChange= {Nature Clim. Change}}
@String{NatureGeosci	= {Nature Geosci.}}
@String{NewPhytol	= {New Phytol.}}
@String{OceanModel	= {Ocean Model.}}
@String{Oceanography	= {Oceanography}}
@String{Oecologia	= {Oecologia}}
@String{OM		= {Ocean Model.}}
@String{PCS		= {Procedia Comput. Sci.}}
@String{PhilTransRSocA  = {Phil. Trans. R. Soc. A}}
@String{PhilTransRSocB  = {Phil. Trans. R. Soc. B}}
@String{PERS		= {Photogramm. Eng. Rem. Sens.}}
@String{PlantCellEnviron= {Plant Cell Environ.}}
@String{PlantPhysiol	= {Plant Physiol.}}
@String{PLoSONE		= {PLoS ONE}}
@String{PNAS		= {Proc. Nat. Acad. Sci.}}
@String{PRSLB		= {Proc. R. Soc. Lond. B}}
@String{PPP		= {Permafrost Periglac.}}
@String{RG		= {Rev. Geophys.}}
@String{RemoteSens	= {Remote Sens.}}
@String{RSE		= {Remote Sens. Environ.}}
@String{SciAm		= {Sci. Am.}}
@String{Science		= {Science}}
@String{SoilBio		= {Soil Biology and Biochemistry}}
@String{SSSAJ		= {Soil Sci. Soc. Am. J.}}
@String{TAC		= {Theor. Appl. Climatol.}}
@String{Tellus		= {Tellus}}
@String{WRR		= {Water Resour. Res.}}
