@Article{Hargrove_PERS_20091001,
 author         = {William W. Hargrove and Joseph P. Spruce and Gerald E. Gasser and Forrest M. Hoffman},
 title          = {Toward a National Early Warning System for Forest Disturbances Using Remotely Sensed Phenology},
 journal        = PERS,
 volume         = 75,
 number         = 10,
 pages          = {1150--1156},
 day		= 1,
 month          = oct,
 year           = 2009
}

