@Article{Keller_FrontEcolEnviron_20080601,
 author		= {Michael Keller and David Schimel and William Hargrove and Forrest Hoffman},
 title		= {A Continental Strategy for the {N}ational {E}cological {O}bservatory {N}etwork},
 journal	= FrontEcolEnviron,
 note		= {Special Issue on Continental-Scale Ecology},
 volume		= 6,
 number		= 5,
 pages		= {282--284},
 doi		= {10.1890/1540-9295(2008)6[282:ACSFTN]2.0.CO;2},
 day		= 1,
 month		= jun,
 year		= 2008
}
