@Preamble{"\providecommand{\doi}[1]{doi:\discretionary{}{}{}\href{http://dx.doi.org/#1}{#1}}"}
