@Article{Schimel_FrontEcolEnviron_20070301,
 author		= {David Schimel and William Hargrove and Forrest Hoffman and James McMahon},
 title		= {{NEON}:  A Hierarchically Designed National Ecological Network},
 journal	= FrontEcolEnviron,
 volume		= 5,
 number		= 2,
 pages		= 59,
 doi		= {10.1890/1540-9295(2007)5[59:NAHDNE]2.0.CO;2},
 day		= 1,
 month		= mar,
 year		= 2007
}
